@article{lstm-vae,
Author = {Adam Roberts and Jesse Engel and Colin Raffel and Curtis Hawthorne and Douglas Eck},
Title = {A Hierarchical Latent Vector Model for Learning Long-Term Structure in Music},
Year = {2018},
Eprint = {1803.05428},
Eprinttype = {arXiv},
Howpublished = {ICML 2018},
}

@article{lstm-embeddings,
Author = {Allen Huang and Raymond Wu},
Title = {Deep Learning for Music},
Year = {2016},
Eprint= {1606.04930},
Eprinttype = {arXiv},
Howpublished = "\url{https://arxiv.org/pdf/1606.04930.pdf}"
}

@misc{Nsynth,
    Author = {Jesse Engel and Cinjon Resnick and Adam Roberts and
              Sander Dieleman and Douglas Eck and Karen Simonyan and
              Mohammad Norouzi},
    Title = {Neural Audio Synthesis of Musical Notes with WaveNet Autoencoders},
    Year = {2017},
    Eprint = {arXiv:1704.01279},
}
